<collection xmlns="http://www.loc.gov/MARC21/slim">
<record>
  <leader>01745nam0a2200277 i 450 </leader>
  <controlfield tag="001">IT\ICCU\CNCE\017834</controlfield>
  <controlfield tag="005">20140410000000.0</controlfield>
  <datafield tag="012" ind1=" " ind2=" ">
    <subfield code="a">Res, umut odue i.i, (C) 1570 (A)</subfield>
    <subfield code="2">fei</subfield>
  </datafield>
  <datafield tag="100" ind1=" " ind2=" ">
    <subfield code="a">19970101d1570        0itac0103    ba</subfield>
  </datafield>
  <datafield tag="101" ind1=" " ind2=" ">
    <subfield code="a">LAT</subfield>
  </datafield>
  <datafield tag="102" ind1=" " ind2=" ">
    <subfield code="a">IT</subfield>
  </datafield>
  <datafield tag="200" ind1="1" ind2=" ">
    <subfield code="a">℗Ioannis Dudlaei, Northumbriae nuper in Anglia ducis, iam tum securi percutiendi, ℗ad populum Londinensem concio. Qua princeps senator, de patriae resipiscentia sollicitus, publico quasi testamento extare uoluit, quantas in calamitates regnum illud inciderit ex quo summi pontificis obedientiam abiecit: quam eam Henricus rex (cui ille a consilio fuerat) inhibiti potius diuortij indignatione intermisisset, quam opinione reliquisset, in parentis ecclesiae gremium (si morte praeretus non fuisset) sine dubio rediturus</subfield>
  </datafield>
  <datafield tag="210" ind1=" " ind2=" ">
    <subfield code="a">Romae</subfield>
    <subfield code="c">apud Paulum Manutium Aldi f.</subfield>
    <subfield code="d">1570</subfield>
  </datafield>
  <datafield tag="215" ind1=" " ind2=" ">
    <subfield code="a">\4! c.</subfield>
    <subfield code="d">4ʻ</subfield>
  </datafield>
  <datafield tag="620" ind1=" " ind2=" ">
    <subfield code="a">IT</subfield>
    <subfield code="d">Roma</subfield>
  </datafield>
  <datafield tag="700" ind1=" " ind2="1">
    <subfield code="a">Dudley,</subfield>
    <subfield code="b">John</subfield>
    <subfield code="c"> &lt;duca di Northumberland&gt;</subfield>
    <subfield code="3">IT\ICCU\CNCA\004949</subfield>
  </datafield>
  <datafield tag="712" ind1="0" ind2="0">
    <subfield code="a">Manuzio, Paolo</subfield>
    <subfield code="3">IT\ICCU\CNCT\000570</subfield>
    <subfield code="4">650</subfield>
  </datafield>
  <datafield tag="790" ind1=" " ind2="1">
    <subfield code="a">Dudleius,</subfield>
    <subfield code="b">Johannes</subfield>
    <subfield code="3">IT\ICCU\CNCA\018393</subfield>
    <subfield code="z">Dudley, John &lt;duca di Northumberland&gt;</subfield>
  </datafield>
  <datafield tag="790" ind1=" " ind2="1">
    <subfield code="a">Northumberland,</subfield>
    <subfield code="b">John Dudley</subfield>
    <subfield code="c"> &lt;duca di&gt;</subfield>
    <subfield code="3">IT\ICCU\CNCA\018451</subfield>
    <subfield code="z">Dudley, John &lt;duca di Northumberland&gt;</subfield>
  </datafield>
  <datafield tag="791" ind1="0" ind2="0">
    <subfield code="a">Manutius, Paulus</subfield>
    <subfield code="3">IT\ICCU\CNCT\005020</subfield>
    <subfield code="z">Manuzio, Paolo</subfield>
  </datafield>
  <datafield tag="791" ind1="0" ind2="0">
    <subfield code="a">Manutio, Paolo</subfield>
    <subfield code="3">IT\ICCU\CNCT\005021</subfield>
    <subfield code="z">Manuzio, Paolo</subfield>
  </datafield>
  <datafield tag="801" ind1=" " ind2="3">
    <subfield code="a">IT</subfield>
    <subfield code="b">ICCU</subfield>
    <subfield code="c">20201114</subfield>
  </datafield>
  <datafield tag="899" ind1=" " ind2=" ">
    <subfield code="a">Biblioteca Apostolica Vaticana. Citt ̉del Vaticano</subfield>
    <subfield code="1">EX0001</subfield>
    <subfield code="2">ZCV 01</subfield>
  </datafield>
  <datafield tag="899" ind1=" " ind2=" ">
    <subfield code="a">Biblioteca Angelica. Roma</subfield>
    <subfield code="1">RM0290</subfield>
    <subfield code="2">RML 06</subfield>
  </datafield>
  <datafield tag="911" ind1=" " ind2=" ">
    <subfield code="a">Sul front.</subfield>
    <subfield code="9">IT\ICCU\CNCM\001154</subfield>
  </datafield>
  <datafield tag="921" ind1=" " ind2=" ">
    <subfield code="a">IT\ICCU\CNCM\001154</subfield>
    <subfield code="b">Stemma di Roma con iniziali S.P.Q.R., sormontato da corona.</subfield>
    <subfield code="c">Z1004</subfield>
    <subfield code="d">Dimensioni: 3,7 x 4,6</subfield>
    <subfield code="f">SCUDO</subfield>
    <subfield code="f">S.P.Q.R.</subfield>
    <subfield code="g">1566-1591</subfield>
  </datafield>
</record>
</collection>
